@article{GMSV,
	AUTHOR = "Jugal Garg and Ruta Mehta and Milind Sohoni and Vijay V. Vazirani",
	TITLE = "A Complementary Pivot Algorithm for Market Equilibrium under Separable Piecewise-Linear Concave Utilities",
	journal={SIAM J. Comput.}, 
	volume={44},
	number={6}, 
	pages={1820â€“1847},
	YEAR = {2015}  }

@inproceedings{daskalakis2011continuous,
  title={Continuous local search},
  author={Daskalakis, Constantinos and Papadimitriou, Christos},
  booktitle={Proceedings of the twenty-second annual ACM-SIAM symposium on Discrete Algorithms ({SODA})},
  pages={790--804},
  year={2011},
  organization={Society for Industrial and Applied Mathematics}
}

@inproceedings{hubavcek2017hardness,
  title={Hardness of continuous local search: {Q}uery complexity and cryptographic lower bounds},
  author={Hub{\'a}{\v{c}}ek, Pavel and Yogev, Eylon},
  booktitle={Proceedings of the Twenty-Eighth Annual ACM-SIAM Symposium on Discrete Algorithms ({SODA})},
  pages={1352--1371},
  year={2017},
  organization={SIAM}
}

@article{papadimitriou1994complexity,
  title={On the complexity of the parity argument and other inefficient proofs of existence},
  author={Papadimitriou, Christos H},
  journal={Journal of Computer and system Sciences},
  volume={48},
  number={3},
  pages={498--532},
  year={1994},
  publisher={Elsevier}
}

@article{johnson1988easy,
  title={How easy is local search?},
  author={Johnson, David S and Papadimitriou, Christos H and Yannakakis, Mihalis},
  journal={Journal of computer and system sciences},
  volume={37},
  number={1},
  pages={79--100},
  year={1988},
  publisher={Elsevier}
}

@article{chen2009settling,
  title={Settling the complexity of computing two-player {N}ash equilibria},
  author={Chen, Xi and Deng, Xiaotie and Teng, Shang-Hua},
  journal={Journal of the ACM (JACM)},
  volume={56},
  number={3},
  pages={14},
  year={2009},
  publisher={ACM}
}

@book{megiddo1988note,
  title={A note on the complexity of {P}-matrix {LCP} and computing an equilibrium},
  author={Megiddo, Nimrod},
  year={1988},
  publisher={IBM Thomas J. Watson Research Division}
}

@article{morris2002randomized,
  title={Randomized pivot algorithms for {P}-matrix linear complementarity problems},
  author={Morris Jr, Walter D},
  journal={Mathematical programming},
  volume={92},
  number={2},
  pages={285--296},
  year={2002},
  publisher={Springer}
}

@article{foniok2009pivoting,
  title={Pivoting in linear complementarity: two polynomial-time cases},
  author={Foniok, Jan and Fukuda, Komei and G{\"a}rtner, Bernd and L{\"u}thi, Hans-Jakob},
  journal={Discrete \& Computational Geometry},
  volume={42},
  number={2},
  pages={187--205},
  year={2009},
  publisher={Springer}
}

@article{megiddo1991total,
  title={On total functions, existence theorems and computational complexity},
  author={Megiddo, Nimrod and Papadimitriou, Christos H},
  journal={Theoretical Computer Science},
  volume={81},
  number={2},
  pages={317--324},
  year={1991},
  publisher={Elsevier}
}

@article{coxson1994p,
  title={The {P}-matrix problem is co-{NP}-complete},
  author={Coxson, Gregory E},
  journal={Mathematical Programming},
  volume={64},
  number={1},
  pages={173--178},
  year={1994},
  publisher={Springer}
}

@article{condon1992complexity,
  title={The complexity of stochastic games},
  author={Condon, Anne},
  journal={Information and Computation},
  volume={96},
  number={2},
  pages={203--224},
  year={1992},
  publisher={Elsevier}
}

@article{zwick1996complexity,
  title={The complexity of mean payoff games on graphs},
  author={Zwick, Uri and Paterson, Mike},
  journal={Theoretical Computer Science},
  volume={158},
  number={1-2},
  pages={343--359},
  year={1996},
  publisher={Elsevier}
}

@article{ludwig1995subexponential,
  title={A subexponential randomized algorithm for the simple stochastic game problem},
  author={Ludwig, Walter},
  journal={Information and computation},
  volume={117},
  number={1},
  pages={151--155},
  year={1995},
  publisher={Elsevier}
}

@inproceedings{bitansky2015cryptographic,
  title={On the cryptographic hardness of finding a {N}ash equilibrium},
  author={Bitansky, Nir and Paneth, Omer and Rosen, Alon},
  booktitle={Foundations of Computer Science (FOCS), 2015 IEEE 56th Annual Symposium on},
  pages={1480--1498},
  year={2015},
  organization={IEEE}
}

@inproceedings{garg2016revisiting,
  title={Revisiting the cryptographic hardness of finding a {N}ash equilibrium},
  author={Garg, Sanjam and Pandey, Omkant and Srinivasan, Akshayaram},
  booktitle={Annual Cryptology Conference},
  pages={579--604},
  year={2016},
  organization={Springer}
}

@inproceedings{fabrikant2004complexity,
  title={The complexity of pure {N}ash equilibria},
  author={Fabrikant, Alex and Papadimitriou, Christos and Talwar, Kunal},
  booktitle={Proceedings of the thirty-sixth annual ACM symposium on Theory of computing ({STOC})},
  pages={604--612},
  year={2004},
  organization={ACM}
}

@article{schaffer1991simple,
  title={Simple local search problems that are hard to solve},
  author={Sch{\"a}ffer, Alejandro A and Yannakakis, Mihalis},
  journal={SIAM journal on Computing},
  volume={20},
  number={1},
  pages={56--87},
  year={1991},
  publisher={SIAM}
}

@inproceedings{colorfulcara2017,
 author = {Meunier, Fr{\'e}d{\'e}ric and Mulzer, Wolfgang and Sarrabezolles, Pauline and Stein, Yannik},
 title = {The Rainbow at the End of the Line: A {PPAD} Formulation of the Colorful {C}arath\'{e}odory Theorem with Applications},
 booktitle = {Proceedings of the Twenty-Eighth Annual ACM-SIAM Symposium on Discrete Algorithms ({SODA})},
 year = {2017},
 pages = {1342--1351},
} 

@unpublished{parity,
 author = {Cristian S. Calude and Sanjay Jain and Bakhadyr Khoussainov and Wei Li and Frank Stephan},
 title = {Deciding parity games in quasipolynomial time},
 note = {STOC '17 (to appear); \url{https://www.comp.nus.edu.sg/~fstephan/paritygame.ps}}
}

@article{chung1989np,
  title={{NP}-completeness of the linear complementarity problem},
  author={Chung, Sung-Jin},
  journal={Journal of Optimization Theory and Applications},
  volume={60},
  number={3},
  pages={393--399},
  year={1989},
  publisher={Springer}
}

@article{todd1976orientation,
  title={Orientation in complementary pivot algorithms},
  author={Todd, Michael J},
  journal={Mathematics of Operations Research},
  volume={1},
  number={1},
  pages={54--66},
  year={1976},
  publisher={INFORMS}
}

@book{cottle2009linear,
  title={The linear complementarity problem},
  author={Cottle, Richard W and Pang, Jong-Shi and Stone, Richard E},
  year={2009},
  publisher={SIAM}
}

@article{kojima1992interior,
  title={An interior point potential reduction algorithm for the linear complementarity problem},
  author={Kojima, Masakazu and Megiddo, Nimrod and Ye, Yinyu},
  journal={Mathematical Programming},
  volume={54},
  number={1-3},
  pages={267--279},
  year={1992},
  publisher={Springer}
}

@incollection{murty1978computational,
  title={Computational complexity of complementary pivot methods},
  author={Murty, Katta G},
  booktitle={Complementarity and fixed point problems},
  pages={61--73},
  year={1978},
  publisher={Springer}
}

@article{lemke1965bimatrix,
  title={Bimatrix equilibrium points and mathematical programming},
  author={Lemke, Carlton E},
  journal={Management science},
  volume={11},
  number={7},
  pages={681--689},
  year={1965},
  publisher={INFORMS}
}

@article{daskalakis2009complexity,
  title={The complexity of computing a {N}ash equilibrium},
  author={Daskalakis, Constantinos and Goldberg, Paul W and Papadimitriou, Christos H},
  journal={SIAM Journal on Computing},
  volume={39},
  number={1},
  pages={195--259},
  year={2009},
  publisher={SIAM}
}

@inproceedings{gartner2005simple,
  title={Simple stochastic games and {P}-matrix generalized linear complementarity problems},
  author={G{\"a}rtner, Bernd and R{\"u}st, Leo},
  booktitle={International Symposium on Fundamentals of Computation Theory},
  pages={209--220},
  year={2005},
  organization={Springer}
}

@inproceedings{jurdzinski2008simple,
  title={A simple {P}-matrix linear complementarity problem for discounted games},
  author={Jurdzi{\'n}ski, Marcin and Savani, Rahul},
  booktitle={Conference on Computability in Europe},
  pages={283--293},
  year={2008},
  organization={Springer}
}

@article{puri1996theory,
  title={Theory of hybrid systems and discrete event systems},
  author={Puri, Anuj},
  year={1996},
  publisher={University of California at Berkeley}
}

@inproceedings{fearnley2010linear,
  title={Linear complementarity algorithms for infinite games},
  author={Fearnley, John and Jurdzi{\'n}ski, Marcin and Savani, Rahul},
  booktitle={International Conference on Current Trends in Theory and Practice of Computer Science},
  pages={382--393},
  year={2010},
  organization={Springer}
}

@article{jurdzinski1998deciding,
  title={Deciding the winner in parity games is in {UP} \mbox{$\cap$} {co-UP}},
  author={Jurdzi{\'n}ski, Marcin},
  journal={Information Processing Letters},
  volume={68},
  number={3},
  pages={119--124},
  year={1998},
  publisher={Elsevier}
}

@inproceedings{bjorklund2004combinatorial,
  title={A combinatorial strongly subexponential strategy improvement algorithm for mean payoff games},
  author={Bj{\"o}rklund, Henrik and Sandberg, Sven and Vorobyov, Sergei},
  booktitle={International Symposium on Mathematical Foundations of Computer Science},
  pages={673--685},
  year={2004},
  organization={Springer}
}

@article{jurdzinski2008deterministic,
  title={A deterministic subexponential algorithm for solving parity games},
  author={Jurdzi{\'n}ski, Marcin and Paterson, Mike and Zwick, Uri},
  journal={SIAM Journal on Computing},
  volume={38},
  number={4},
  pages={1519--1532},
  year={2008},
  publisher={SIAM}
}

@inproceedings{fearnley2016complexity,
  title={The complexity of all-switches strategy improvement},
  author={Fearnley, John and Savani, Rahul},
  booktitle={Proceedings of the Twenty-Seventh Annual ACM-SIAM Symposium on Discrete Algorithms},
  pages={130--139},
  year={2016},
  organization={Society for Industrial and Applied Mathematics}
}

@ARTICLE{DTZ17,
   author = {{Daskalakis}, Constantinos and {Tzamos}, Christos and {Zampetakis}, Manolis},
   title = "{A Converse to Banach's Fixed Point Theorem and its CLS Completeness}",
   journal = {ArXiv e-prints},
   eprint = {1702.07339},
}

@inproceedings{hansen2013complexity,
  title={The complexity of interior point methods for solving discounted turn-based stochastic games},
  author={Hansen, Thomas Dueholm and Ibsen-Jensen, Rasmus},
  booktitle={Conference on Computability in Europe},
  pages={252--262},
  year={2013},
  organization={Springer}
}
